<record><leader>00000cas a22000007a 4500</leader><controlfield tag="001">11715094</controlfield><controlfield tag="008">850220d1918192unyuwr ne      0    0eng d</controlfield><datafield ind1=" " ind2=" " tag="010"><subfield code="a">sn 85054416 </subfield></datafield><datafield ind1=" " ind2=" " tag="040"><subfield code="a">NYG</subfield><subfield code="b">eng</subfield><subfield code="c">NYG</subfield><subfield code="d">NPX</subfield><subfield code="d">NYS</subfield><subfield code="d">OCLCQ</subfield></datafield><datafield ind1=" " ind2=" " tag="042"><subfield code="a">msc</subfield></datafield><datafield ind1="0" ind2="4" tag="245"><subfield code="a">The Waterville times and Oriskany Falls news.</subfield></datafield><datafield ind1=" " ind2=" " tag="260"><subfield code="a">Waterville, N.Y. :</subfield><subfield code="b">Orrin Terry</subfield></datafield><datafield ind1=" " ind2=" " tag="300"><subfield code="a">v. ;</subfield><subfield code="c">56 cm.</subfield></datafield><datafield ind1=" " ind2=" " tag="310"><subfield code="a">Weekly</subfield></datafield><datafield ind1="1" ind2=" " tag="362"><subfield code="a">Began in 1918?</subfield></datafield><datafield ind1=" " ind2=" " tag="588"><subfield code="a">Description based on: Vol. 61, no. 29 (June 27, 1919).</subfield></datafield><datafield ind1=" " ind2="4" tag="651"><subfield code="a">Waterville (N.Y.)</subfield><subfield code="v">Newspapers.</subfield></datafield><datafield ind1=" " ind2=" " tag="752"><subfield code="a">United States</subfield><subfield code="b">New York</subfield><subfield code="c">Oneida</subfield><subfield code="d">Waterville.</subfield></datafield><datafield ind1="0" ind2="4" tag="780"><subfield code="t">Waterville times and hop reporter (Waterville, N.Y. : 1893)</subfield><subfield code="w">(DLC)sn 85054413</subfield></datafield><datafield ind1="0" ind2="4" tag="780"><subfield code="t">Oriskany Falls news</subfield><subfield code="w">(DLC)sn 90066063</subfield><subfield code="w">(OCoLC)21509744</subfield></datafield><datafield ind1="0" ind2="0" tag="785"><subfield code="t">Waterville times (Waterville, N.Y. : 1928)</subfield><subfield code="w">(DLC)sn 85054417</subfield></datafield><datafield ind1="1" ind2=" " tag="029"><subfield code="a">AU@</subfield><subfield code="b">000020369151</subfield></datafield></record>